<?xml version="1.0" encoding="UTF-8"?><collection xmlns="http://www.loc.gov/MARC21/slim"><record><leader>00329nam--2200133-i-4500</leader><controlfield tag="001">000017391</controlfield><controlfield tag="002">20161230</controlfield><controlfield tag="005">20161230201032</controlfield><controlfield tag="008">060222s1000------------r-----000-0-eng-d</controlfield><datafield ind1=" " ind2=" " tag="020"><subfield code="a">APPLIED MATHEMATICAL SCIENCES</subfield></datafield><datafield ind1=" " ind2=" " tag="100"><subfield code="a">Abraham, R</subfield></datafield><datafield ind1=" " ind2=" " tag="245"><subfield code="a">Marsden, j.e</subfield></datafield><datafield ind1=" " ind2=" " tag="260"><subfield code="a">Ratiu, T</subfield></datafield><datafield ind1=" " ind2=" " tag="490"><subfield code="a">Berlin, Springer Verlag, 1988. 654 P</subfield></datafield></record></collection>